<?xml version="1.0" encoding="UTF-8"?><collection xmlns="http://www.loc.gov/MARC21/slim"><record><leader>00603nam--2200193-i-4500</leader><controlfield tag="001">000024087</controlfield><controlfield tag="002">20161230</controlfield><controlfield tag="005">20161230201035</controlfield><controlfield tag="008">060222s1000------------r-----000-0-rum-d</controlfield><datafield ind1=" " ind2=" " tag="040"><subfield code="a">IFIN-HH</subfield></datafield><datafield ind1=" " ind2=" " tag="041"><subfield code="a">rum</subfield></datafield><datafield ind1=" " ind2=" " tag="080"><subfield code="a">551.24</subfield></datafield><datafield ind1="1" ind2=" " tag="100"><subfield code="a">Gheyselinck, R</subfield></datafield><datafield ind1="1" ind2="0" tag="245"><subfield code="a">Pamantul in continua framantare. geologia la indemana oricui</subfield><subfield code="b">Traducere de cecilia missir, mircea pauca, mircea ilie</subfield><subfield code="c">R. gheyselinck</subfield></datafield><datafield ind1=" " ind2=" " tag="260"><subfield code="a">Bucuresti</subfield><subfield code="b">Editura Stiintifica</subfield><subfield code="c">1959</subfield></datafield><datafield ind1=" " ind2=" " tag="300"><subfield code="a">232P</subfield></datafield><datafield ind1=" " ind2=" " tag="500"><subfield code="a">Titlul Priginal In Limba Germana: Die Ruhelose Erde</subfield></datafield><datafield ind1=" " ind2=" " tag="852"><subfield code="a">48198</subfield><subfield code="c">551</subfield></datafield><datafield ind1=" " ind2=" " tag="CAT"><subfield code="a">Sys</subfield><subfield code="c">20150216</subfield><subfield code="h">211734</subfield></datafield></record></collection>